%% This BibTeX bibliography file was created using BibDesk.
%% http://bibdesk.sourceforge.net/


%% Created for Oliver Erxleben at 2013-02-27 10:45:43 +0100 


%% Saved with string encoding Unicode (UTF-8) 



@webpage{soft_cpu,
	Date-Added = {2013-02-27 09:41:58 +0000},
	Date-Modified = {2013-02-27 09:45:42 +0000},
	Lastchecked = {27.02.2012},
	Title = {FPGA Soft Core},
	Url = {http://www.mikrocontroller.net/articles/FPGA_Soft_Core}}

@webpage{zpu_ref,
	Date-Added = {2013-02-16 08:45:12 +0000},
	Date-Modified = {2013-02-16 08:45:58 +0000},
	Lastchecked = {16.02.2013},
	Title = {ZPU Reference},
	Url = {http://opensource.zylin.com/zpuref.html},
	Bdsk-Url-1 = {http://opensource.zylin.com/zpuref.html}}

@book{ltp_book,
	Author = {J{\"u}rgen Quade, Eva-Katharina Kunst},
	Date-Added = {2013-02-16 07:59:30 +0000},
	Date-Modified = {2013-02-16 08:07:31 +0000},
	Edition = {1. Auflage},
	Publisher = {dpunkt.},
	Title = {Linux Treiber Entwicklen},
	Url = {ftp://ftp.tm.informatik.uni-frankfurt.de/pub/papers/ir/kernelbook.pdf},
	Year = {2004},
	Bdsk-Url-1 = {ftp://ftp.tm.informatik.uni-frankfurt.de/pub/papers/ir/kernelbook.pdf}}

@webpage{zpu_doc,
	Date-Added = {2013-02-16 07:55:58 +0000},
	Date-Modified = {2013-02-16 08:05:20 +0000},
	Lastchecked = {16.02.2013},
	Title = {ZPU Documentation},
	Url = {http://repo.or.cz/w/zpu.git?a=blob_plain;f=zpu/docs/zpu_arch.html;hb=HEAD},
	Bdsk-Url-1 = {http://repo.or.cz/w/zpu.git?a=blob_plain;f=zpu/docs/zpu_arch.html;hb=HEAD}}

@webpage{wp_eCos,
	Date-Added = {2013-02-16 07:48:33 +0000},
	Date-Modified = {2013-02-16 08:06:22 +0000},
	Lastchecked = {16.02.2013},
	Title = {eCos - open source real time operating system},
	Url = {http://ecos.sourceware.org},
	Bdsk-Url-1 = {http://ecos.sourceware.org}}

@techreport{lxr,
	Author = {Arne Georg Gleditsch},
	Date-Added = {2013-02-01 09:43:17 +0000},
	Date-Modified = {2013-02-01 09:49:31 +0000},
	Title = {The Linux Cross Reference},
	Type = {Reference},
	Year = {1995 - 2013}}

@techreport{script_hwstp,
	Author = {Bernhard Lang},
	Date-Added = {2013-02-01 09:40:51 +0000},
	Date-Modified = {2013-02-01 09:42:57 +0000},
	Institution = {HS Osnabr{\"u}ck},
	Title = {Hardwarenahe System- und Treiberprogrammierung},
	Type = {Script},
	Year = {2012}}

@manual{intelhex,
	Author = {{Intel Corporation}},
	Title = {Hexadecimal Object File Format Specification},
	Url = {http://microsym.com/editor/assets/intelhex.pdf},
	Urldate = {24. 2. 2013},
	Year = {1988},
	Bdsk-Url-1 = {http://microsym.com/editor/assets/intelhex.pdf}}

@manual{dkms-man,
	Author = {Gary Lerhaupt},
	Title = {DKMS Manpage},
	Url = {http://linux.dell.com/dkms/manpage.html},
	Urldate = {24. 2. 2013},
	Year = 2006,
	Bdsk-Url-1 = {http://linux.dell.com/dkms/manpage.html}}

@article{dkms-ljournal,
	Author = {Gary Lerhaupt},
	Issue = {113},
	Journal = {{Linux Journal}},
	Month = sep,
	Title = {Kernel Korner - Exploring Dynamic Kernel Module Support (DKMS)},
	Url = {http://www.linuxjournal.com/article/6896},
	Urldate = {24. 2. 2013},
	Year = {2003},
	Bdsk-Url-1 = {http://www.linuxjournal.com/article/6896}}
