%% This BibTeX bibliography file was created using BibDesk.
%% http://bibdesk.sourceforge.net/


%% Created for Oliver Erxleben at 2012-12-13 10:46:33 +0100 


%% Saved with string encoding Unicode (UTF-8) 



@article{openmptut12,
	Author = {Blaise Barney, Lawrence Livermore National Laboratory},
	Date-Added = {2012-12-13 09:45:24 +0000},
	Date-Modified = {2012-12-13 09:46:30 +0000},
	Lastchecked = {24.11.2012},
	Title = {OpenMP Tutorial},
	Url = {https://computing.llnl.gov/tutorials/openMP/},
	Urldate = {24. 11. 2012}
}

@book{openmp08,
	Author = {Hoffmann, S. and Lienhart, R},
	Date-Added = {2012-12-13 09:40:15 +0000},
	Date-Modified = {2012-12-13 09:40:58 +0000},
	Publisher = {Springer},
	Title = {OpenMP - Eine Einf{\"u}hrung in die parallele Programmierung mit C/C++},
	Year = {2008}}

@misc{intel_cook_2012,
	title = {Cook Until Done: parallel\_do},
	url = {http://software.intel.com/sites/products/documentation/doclib/tbb_sa/help/tbb_userguide/Cook_Until_Done_parallel_do.htm},
	urldate = {27. 12. 2012},
	journal = {Intel® Threading Building Blocks (Intel® TBB) User Guide},
	author = {Intel},
	year = {2012},
	keywords = {Cook Until Done: parallel\_do},
}

@article{ayguade_design_2009,
	title = {The Design of {OpenMP} Tasks},
	volume = {20},
	url = {http://ieeexplore.ieee.org/xpls/abs_all.jsp?arnumber=4553700},
	number = {3},
	urldate = {2012-12-27},
	journal = {{IEEE} Transactions on Parallel and Distributed Systems},
	author = {Ayguadé, Eduard and Copty, Nawal and Duran, Alejandro and Hoeflinger, Jay and Lin, Yuan and Massaioli, Frederico and Teruel, Xavier and Unnikrishnan, Priya and Zhang, Guansong},
	year = {2009},
	pages = {404–418}
}

@misc{openmp.org_openmp_2012,
	title = {OpenMP.org: OpenMP Specifications},
	shorttitle = {OpenMP Specifications},
	url = {http://openmp.org/wp/openmp-specifications/},
	urldate = {2012-12-27},
	author = {openmp.org},
	year = {2012},
}

@misc{openmp.org_openmp_2012-2,
	title = {OpenMP.org: OpenMP Compilers},
	shorttitle = {OpenMP Compilers},
	url = {http://openmp.org/wp/openmp-compilers/},
	urldate = {2012-12-27},
	author = {openmp.org},
	year = {2012},
}

@misc{microsoft_openmp_2012,
	title = {OpenMP in Visual C++},
	shorttitle = {MSDN Library: Parallel Programming: OpenMP in Visual C++},
	url = {http://msdn.microsoft.com/en-us/library/tt15eb9t.aspx},
	urldate = {2012-12-27},
	author = {Microsoft},
	year = {2012},
}

@book{rauber_parallel_2010,
	address = {Berlin},
	edition = {1},
	title = {Parallel Programming for Multicore and Cluster Systems},
	isbn = {978-3642048173},
	shorttitle = {Parallel Programming},
	publisher = {Springer},
	author = {Rauber, Thomas and Rünger, Gudula},
	month = mar,
	year = {2010}
}

@misc{duran_tasking_2009,
	title = {Tasking in {OpenMP}},
	url = {https://iwomp.zih.tu-dresden.de/downloads/omp30-tasks.pdf},
	urldate = {28. 12. 2012},
	author = {Duran, Alejandro},
	month = jun,
	year = {2009},
}

@electronic{intel_mixing_2012,
	title = {Mixing With Other Threading Packages},
	url = {http://software.intel.com/sites/products/documentation/doclib/tbb_sa/help/tbb_userguide/appendix_B.htm},
	urldate = {2012-12-28},
	journal = {Intel Threading Building Blocks (Intel {TBB)} User Guide},
	author = {Intel},
	year = {2012},
	keywords = {Appendix B Mixing With Other Threading Packages},
}

@book{bengel_masterkurs_2008,
	address = {Wiesbaden},
	edition = {1},
	title = {Masterkurs Parallele und Verteilte Systeme: Grundlagen und Programmierung von Multicoreprozessoren, Multiprozessoren, Cluster und Grid},
	isbn = {978-3-8348-0394-4},
	shorttitle = {Parallele und Verteilte Systeme},
	publisher = {Vieweg \& Teubner Verlag},
	author = {Bengel, Günther and Baun, Christian and Kunze, Marcel and Stucky, Karl-Uwe},
	month = jun,
	year = {2008},
	keywords = {Verteilte Systeme}
}

@electronic{time_man_2012,
	title = {time(1) - Linux man page},
	url = {http://manpages.ubuntu.com/manpages/precise/man1/time.1.html},
	urldate = {12. 1. 2013},
	author = {Eddelbuettel, Dirk},
	year = {2012}
}

@document{valgrind_2012,
	title = {Valgrind Documentation},
	url = {http://www.valgrind.org/docs/manual/valgrind_manual.pdf},
	urldate = {12. 1. 2013},
	year = {2012},
	author = {Seward, Julian and Nethercote, Nicholas}
}